%% This BibTeX bibliography file was created using BibDesk.
%% http://bibdesk.sourceforge.net/


%% Created for Petar Petrov at 2012-01-15 13:31:49 +0100 


%% Saved with string encoding Unicode (UTF-8) 



@inproceedings{Lorie:2001:LTP:379437.379726,
	Acmid = {379726},
	Address = {New York, NY, USA},
	Author = {Lorie, Raymond A.},
	Booktitle = {Proceedings of the 1st ACM/IEEE-CS joint conference on Digital libraries},
	Date-Added = {2012-01-15 12:31:26 +0000},
	Date-Modified = {2012-01-15 12:31:26 +0000},
	Doi = {http://doi.acm.org/10.1145/379437.379726},
	Isbn = {1-58113-345-6},
	Keywords = {archival, digital documents, digital information, digital library, emulation, preservation},
	Location = {Roanoke, Virginia, United States},
	Numpages = {7},
	Pages = {346--352},
	Publisher = {ACM},
	Series = {JCDL '01},
	Title = {Long term preservation of digital information},
	Url = {http://doi.acm.org/10.1145/379437.379726},
	Year = {2001},
	Bdsk-Url-1 = {http://doi.acm.org/10.1145/379437.379726}}

@inproceedings{kulovits08:16[TUW-172761],
	Author = {Hannes Kulovits and Andreas Rauber},
	Booktitle = {Proceedings of the 10th Russian Conference on Digital Libraries ({RCDL} 2008): Advanced Methods and Technologies, Digital Collections},
	Date-Added = {2012-01-15 12:02:14 +0000},
	Date-Modified = {2012-01-15 12:03:11 +0000},
	Isbn = {5-9530-0193-2},
	Keywords = {preservation planning, PLATO, OAIS model},
	Pages = {16--23},
	Pdf = {http://publik.tuwien.ac.at/files/PubDat_172761.pdf},
	Title = {Preservation Planning with Plato},
	Year = {2008}}

@techreport{Knijff:2011it,
	Author = {Knijff, Johan van der and Wilson, Carl},
	Date-Added = {2012-01-13 09:29:01 +0000},
	Date-Modified = {2012-01-13 09:39:01 +0000},
	Institution = {Koninklijke Bibliotheek and Britsh Library},
	Keywords = {Identification, Characterization, Characterization Tools, Evaluation},
	Title = {Evaluation of characterisation tools},
	Year = {2011}}

@inproceedings{Becker:2008:PSO:1378889.1378954,
	Acmid = {1378954},
	Address = {New York, NY, USA},
	Author = {Becker, Christoph and Kulovits, Hannes and Rauber, Andreas and Hofman, Hans},
	Booktitle = {Proceedings of the 8th ACM/IEEE-CS joint conference on Digital libraries},
	Date-Added = {2012-01-13 09:05:44 +0000},
	Date-Modified = {2012-01-13 09:05:44 +0000},
	Doi = {http://doi.acm.org/10.1145/1378889.1378954},
	Isbn = {978-1-59593-998-2},
	Keywords = {decision support system, digital preservation, preservation planning, service oriented architecture},
	Location = {Pittsburgh PA, PA, USA},
	Numpages = {4},
	Pages = {367--370},
	Publisher = {ACM},
	Series = {JCDL '08},
	Title = {Plato: a service oriented decision support system for preservation planning},
	Url = {http://doi.acm.org/10.1145/1378889.1378954},
	Year = {2008},
	Bdsk-Url-1 = {http://doi.acm.org/10.1145/1378889.1378954}}

@article{Becker:2009fk,
	Author = {Becker, Christoph and Kulovits, Hannes and Guttenbrunner, Mark and Strodl, Stephan and Rauber, Andreas and Hofman, Hans"},
	Date-Added = {2012-01-09 14:17:30 +0000},
	Date-Modified = {2012-01-13 09:38:21 +0000},
	Doi = {10.1.1.156.8390},
	Journal = {INT J DIGIT LIBR},
	Keywords = {Digital preservation, Preservation planning, OAIS model, Decision making, Evaluation, Trusted repositories, Compliance},
	Title = {Systematic planning for digital preservation: evaluating potential strategies and building preservation plans},
	Year = {2009},
	Bdsk-Url-1 = {http://citeseerx.ist.psu.edu/viewdoc/summary?doi=10.1.1.156.8390}}
